@article{Andreessen2001,
	author = 	"Marc Andreessen",
	title =		"Why Software Is Eating The World",
	year =		"2011",
    month =     "8",
	journal =	"The Wall Street Journal",
	url = {http://goo.gl/MXk4TS}
}
@online{Beck2001,
    added-at = {2014-10-27T11:39:05.000+0100},
    author = {Beck, Kent and Beedle, Mike and {van Bennekum}, Arie and Cockburn, Alistair and Cunningham, Ward and Fowler, Martin and Grenning, James and Highsmith, Jim and Hunt, Andrew and Jeffries, Ron and Kern, Jon and Marick, Brian and Martin, Robert C. and Mellor, Steve and Schwaber, Ken and Sutherland, Jeff and Thomas, Dave},
    biburl = {http://www.bibsonomy.org/bibtex/28954248a545d88dd2c0e688d1c7e2f9d/juve},
    booktitle = {Manifesto for Agile Software Development},
    description = {Manifesto for Agile Software Development},
    interhash = {098cc7e185f10c3da390459a01e0d535},
    intrahash = {8954248a545d88dd2c0e688d1c7e2f9d},
    keywords = {imported},
    timestamp = {2014-10-27T11:39:05.000+0100},
    title = {Manifesto for Agile Software Development},
    url = {http://www.agilemanifesto.org/},
    year = 2001
}
@book{Bolker1998,
   title = "Writing your dissertation in fifteen minutes a day : a guide to starting, revising and finishing your doctoral thesis",
   author = "Bolker, Joan",
   publisher = "H. Holt",
   address = "New York",
   isbn = "0-8050-4891-X",
   year = 1998
}
@article{Schillebeeckx2013,
    author = {Schillebeeckx, Maximiliaan and Maricque, Brett and Lewis, Cory},
    day = {08},
    doi = {10.1038/nbt.2706},
    issn = {1087-0156},
    journal = {Nature Biotechnology},
    keywords = {academic, education},
    month = oct,
    number = {10},
    pages = {938--941},
    posted-at = {2014-09-20 10:41:57},
    priority = {2},
    publisher = {Nature Publishing Group},
    title = {{The missing piece to changing the university culture}},
    url = {http://dx.doi.org/10.1038/nbt.2706},
    volume = {31},
    year = {2013}
}